@Misc{		  bronger:pp3,
  author	= {Torsten Bronger},
  title		= {Celestial charts with {\sffamily PP3}},
  year		= 2003,
  note		= {\texttt{http://""pp3.""sourceforge.""net}}
}

@Misc{		  bronger:pp3-manual,
  author	= {Torsten Bronger},
  title		= {{\sffamily PP3}~1.3.2 -- user manual},
  year		= 2003,
  month         = dec,
  note		= {\texttt{http://""pp3.""sourceforge.""net/""manual/}}
}

@Misc{		  kastrup:preview,
  author	= {David Kastrup and Alan Shutko and Jan-{\AA}ke Larsson and others},
  title		= {The preview-latex package},
  year		= 2003,
  month         = apr,
  note		= {\texttt{http://""preview-""latex.""sourceforge.""net}}
}

@Misc{		  radhakrishnan:pdftricks,
  author	= {Radhakrishnan CV and Rajagopal CV and Antoine Chambert-Loir},
  title		= "Trivial Experiments with {\ttfamily pstricks} manipulation",
  year		= 2001,
  month         = sep,
  note		= {CTAN: \texttt{tex-archive/macros/""latex/""contrib/""supported/""pdftricks/}}
}

@Misc{		  chevalley:cdc,
  author	= {Patrick Chevalley},
  title		= {Cartes du Ciel (Sky Charts) -- free astronomy soft\-ware},
  year		= 2003,
  month         = jan,
  note		= {\texttt{http://""www.""stargazing.""net/""astropc/}}
}

@Misc{		  dsa-faq,
  title		= {{FAQ} von {\texttt{de.sci.astronomie}}: Astro-Software},
  year		= 2003,
  month         = jan,
  note		= {\texttt{http://""dsa-faq.""berlios.""de/""dsa-faq-html/""dsa-faq\_6.""html}}
}

@Misc{		  mellinger,
  author        = {Axel Mellinger},
  title		= "All-Sky Milky Way Panorama",
  year		= 2003,
  month         = apr,
  note		= {\texttt{http://""home.""arcor-""online.""de/""axel.""mellinger/}}
}

@Misc{		  wikipedia,
  title		= {Wikipedia -- the free encyclopedia},
  note		= {\texttt{http://""www.""wikipedia.""org}}
}

@Misc{		  Gimp,
  title		= {{Gimp} -- {GNU} Image Manipulation Program},
  note		= {\texttt{http://""www.""gimp.""org/}}
}

% The following is the Guide 8 software

@Misc{		  ProjectPluto,
  author	= {Bill Gray},
  title		= {Project Pluto},
  year		= 2003,
  month         = apr,
  note		= {\texttt{http://""www.""projectpluto.""com/}}
}

@Misc{		  vanzandt:pstricks,
  author	= {Van Zandt, Timothy},
  title		= {PSTricks -- PostScript macros for generic \TeX},
  year		= 1993,
  note		= {\texttt{http://""www.""tug.""org/""application/""PSTricks}}
}

@Misc{		  laurel:celestia,
  author	= {Chris Laurel},
  title		= {Celestia: A real-time visual space simulation},
  year		= 2002,
  note		= {\texttt{http://""www.""shatters.""net/""celestia/}}
}

@Book{		  karkoschka:atlas,
  author	= {Erich Karkoschka},
  title		= {Atlas f{\"u}r Himmelsbeobachter},
  publisher	= {Franckh'sche Verlagshandlung},
  year		= {1988},
  address	= {Stuttgart},
}

@Manual{          Knuth_Levy2001,
   author	= {Donald E. Knuth and Silvio Levy},
   title	= {The {CWEB} System of Structured Documentation},
   month	= jan,
   year		= 2001,
   note		= {\texttt{http://www-cs-faculty.""stanford.""edu/""\~{}knuth/""cweb.""html}},
}
